@book{parker2019,
  title={Humble Pi: A Comedy of Maths Errors},
  author={Parker, M.},
  isbn={9780141989136},
  url={https://books.google.com.ar/books?id=qYlZDwAAQBAJ},
  year={2019},
  publisher={Penguin Books Limited}
}

@misc{clark,
   author = {Wikipedia},
   title = {Sally Clark - Wikipedia, The Free Encyclopedia},
   year = {2024},
   url = {https://en.wikipedia.org/wiki/Sally_Clark},
   note = {[Online; accessed 09-August-2024]}
 }